@Manual{Allaire_2020,
  title = {rmarkdown: Dynamic Documents for R},
  author = {JJ Allaire and Yihui Xie and Jonathan McPherson and Javier Luraschi and Kevin Ushey and Aron Atkins and Hadley Wickham and Joe Cheng and Winston Chang and Richard Iannone},
  year = {2020},
  note = {R package version 2.1},
  url = {https://github.com/rstudio/rmarkdown},
}

@Article{Bates_2015,
  title = {Fitting Linear Mixed-Effects Models Using {lme4}},
  author = {Douglas Bates and Martin M{\"a}chler and Ben Bolker and Steve Walker},
  journal = {Journal of Statistical Software},
  year = {2015},
  volume = {67},
  number = {1},
  pages = {1--48},
  doi = {10.18637/jss.v067.i01},
}

@Article{Clark_2006,
  doi = {10.1016/j.tree.2006.03.016},
  url = {https://doi.org/10.1016/j.tree.2006.03.016},
  year = {2006},
  month = {jul},
  publisher = {Elsevier {BV}},
  volume = {21},
  number = {7},
  pages = {375--380},
  author = {James S. Clark and Alan E. Gelfand},
  title = {A future for models and data in environmental science},
  journal = {Trends in Ecology {\&} Evolution},
}

@Manual{R_Core_Team_2020,
  title = {R: A Language and Environment for Statistical Computing},
  author = {{R Core Team}},
  organization = {R Foundation for Statistical Computing},
  address = {Vienna, Austria},
  year = {2020},
  url = {https://www.R-project.org/},
}

@Article{ricklefs2008disintegration,
  author = {Robert{\nobreakspace}E. Ricklefs},
  title = {Disintegration of the Ecological Community},
  subtitle = {American Society of Naturalists Sewall Wright Award Winner Address},
  date = {2008-12-01},
  volume = {172},
  number = {6},
  pages = {741-750},
  url = {http://dx.doi.org/10.1086/593002},
  doi = {10.1086/593002},
  issn = {0003-0147},
  score = {30.436573},
  journaltitle = {The American Naturalist},
  year = {2020},
}

@InCollection{Xie_2014,
  booktitle = {Implementing Reproducible Computational Research},
  editor = {Victoria Stodden and Friedrich Leisch and Roger D. Peng},
  title = {knitr: A Comprehensive Tool for Reproducible Research in {R}},
  author = {Yihui Xie},
  publisher = {Chapman and Hall/CRC},
  year = {2014},
  note = {ISBN 978-1466561595},
  url = {http://www.crcpress.com/product/isbn/9781466561595},
}

@Book{Xie_2015,
  title = {Dynamic Documents with {R} and knitr},
  author = {Yihui Xie},
  publisher = {Chapman and Hall/CRC},
  address = {Boca Raton, Florida},
  year = {2015},
  edition = {2nd},
  note = {ISBN 978-1498716963},
  url = {https://yihui.org/knitr/},
}

@Book{Xie_2018,
  title = {R Markdown: The Definitive Guide},
  author = {Yihui Xie and J.J. Allaire and Garrett Grolemund},
  publisher = {Chapman and Hall/CRC},
  address = {Boca Raton, Florida},
  year = {2018},
  note = {ISBN 9781138359338},
  url = {https://bookdown.org/yihui/rmarkdown},
}

@Manual{Xie_2020,
  title = {knitr: A General-Purpose Package for Dynamic Report Generation in R},
  author = {Yihui Xie},
  year = {2020},
  note = {R package version 1.28},
  url = {https://yihui.org/knitr/},
}
